@article{angelskyCircularMotionParticles2012,
  title = {Circular Motion of Particles Suspended in a {{Gaussian}} Beam with
           Circular Polarization Validates the Spin Part of the Internal Energy
           Flow},
  author = {Angelsky, O. V. and family=Bekshaev, given=A. Ya., given-i=A{{Ya}}
            and Maksimyak, P. P. and Maksimyak, A. P. and Mokhun, I. I. and
            Hanson, S. G. and family=Zenkova, given=C. Yu., given-i=C{{Yu}} and
            Tyurin, A. V.},
  date = {2012-05-07},
  journaltitle = {Optics Express},
  shortjournal = {Opt. Express},
  volume = {20},
  number = {10},
  pages = {11351},
  issn = {1094-4087},
  doi = {10.1364/OE.20.011351},
  url = {https://opg.optica.org/abstract.cfm?URI=oe-20-10-11351},
  urldate = {2024-05-31},
  langid = {english},
  file = {/home/bob/Zotero/storage/FR876XN5/Angelsky et al. - 2012 - Circular
          motion of particles suspended in a Gaussi.pdf},
}

@article{bennettQuantumCryptographyPublic2014,
  title = {Quantum Cryptography: {{Public}} Key Distribution and Coin Tossing},
  shorttitle = {Quantum Cryptography},
  author = {Bennett, Charles H. and Brassard, Gilles},
  date = {2014-12},
  journaltitle = {Theoretical Computer Science},
  shortjournal = {Theoretical Computer Science},
  volume = {560},
  pages = {7--11},
  issn = {03043975},
  doi = {10.1016/j.tcs.2014.05.025},
  url = {https://linkinghub.elsevier.com/retrieve/pii/S0304397514004241},
  urldate = {2024-05-03},
  langid = {english},
  file = {/home/bob/Zotero/storage/QPCZAMZZ/Bennett and Brassard - 2014 -
          Quantum cryptography Public key distribution and .pdf},
}

@article{bustamanteOpticalTweezersSinglemolecule2021,
  title = {Optical Tweezers in Single-Molecule Biophysics},
  author = {Bustamante, Carlos J. and Chemla, Yann R. and Liu, Shixin and Wang,
            Michelle D.},
  date = {2021-03-25},
  journaltitle = {Nature Reviews Methods Primers},
  shortjournal = {Nat Rev Methods Primers},
  volume = {1},
  number = {1},
  pages = {25},
  issn = {2662-8449},
  doi = {10.1038/s43586-021-00021-6},
  url = {https://www.nature.com/articles/s43586-021-00021-6},
  urldate = {2024-05-31},
  langid = {english},
  file = {/home/bob/Zotero/storage/6F8J3I8U/Bustamante et al. - 2021 - Optical
          tweezers in single-molecule biophysics.pdf},
}

@online{EDUQCRY1EDUQCRY1Quantenkryptografie,
  title = {{{EDU-QCRY1 EDU-QCRY1}}/{{M Quantenkryptografie}} - {{Analogieversuch
           Handbuch}}},
  url = {
         https://www.thorlabs.com/drawings/3013429dd4194ca6-6C886B4B-F9B7-B715-86ADED195D971306/EDU-QCRY1_M-GermanManual.pdf
         },
  urldate = {2024-05-03},
  file = {/home/bob/Zotero/storage/9VMF2GIQ/EDU-QCRY1_M-GermanManual.pdf},
}

@article{einsteinUberMolekularkinetischenTheorie1905,
  title = {Über Die von Der Molekularkinetischen {{Theorie}} Der {{Wärme}}
           Geforderte {{Bewegung}} von in Ruhenden {{Flüssigkeiten}}
           Suspendierten {{Teilchen}}},
  author = {Einstein, A.},
  date = {1905-01},
  journaltitle = {Annalen der Physik},
  shortjournal = {Annalen der Physik},
  volume = {322},
  number = {8},
  pages = {549--560},
  issn = {0003-3804, 1521-3889},
  doi = {10.1002/andp.19053220806},
  url = {https://onlinelibrary.wiley.com/doi/10.1002/andp.19053220806},
  urldate = {2024-05-31},
  langid = {english},
  file = {/home/bob/Zotero/storage/WV7NGKQQ/Einstein - 1905 - Über die von der
          molekularkinetischen Theorie der .pdf},
}

@article{fickUeberDiffusion1855,
  title = {Ueber {{Diffusion}}},
  author = {Fick, Adolf},
  date = {1855-01},
  journaltitle = {Annalen der Physik},
  shortjournal = {Annalen der Physik},
  volume = {170},
  number = {1},
  pages = {59--86},
  issn = {0003-3804, 1521-3889},
  doi = {10.1002/andp.18551700105},
  url = {https://onlinelibrary.wiley.com/doi/10.1002/andp.18551700105},
  urldate = {2024-05-31},
  langid = {english},
}

@article{frieseOpticalAlignmentSpinning1998,
  title = {Optical Alignment and Spinning of Laser-Trapped Microscopic Particles
           },
  author = {Friese, M. E. J. and Nieminen, T. A. and Heckenberg, N. R. and
            Rubinsztein-Dunlop, H.},
  date = {1998-07-23},
  journaltitle = {Nature},
  shortjournal = {Nature},
  volume = {394},
  number = {6691},
  pages = {348--350},
  issn = {0028-0836, 1476-4687},
  doi = {10.1038/28566},
  url = {https://www.nature.com/articles/28566},
  urldate = {2024-05-31},
  langid = {english},
}

@article{lehmuskeroUltrafastSpinningGold2013,
  title = {Ultrafast {{Spinning}} of {{Gold Nanoparticles}} in {{Water Using
           Circularly Polarized Light}}},
  author = {Lehmuskero, Anni and Ogier, Robin and Gschneidtner, Tina and
            Johansson, Peter and Käll, Mikael},
  date = {2013-07-10},
  journaltitle = {Nano Letters},
  shortjournal = {Nano Lett.},
  volume = {13},
  number = {7},
  pages = {3129--3134},
  issn = {1530-6984, 1530-6992},
  doi = {10.1021/nl4010817},
  url = {https://pubs.acs.org/doi/10.1021/nl4010817},
  urldate = {2024-05-31},
  langid = {english},
}

@article{rothmayerIrregularSpinAngular2009,
  title = {Irregular Spin Angular Momentum Transfer from Light to Small
           Birefringent Particles},
  author = {Rothmayer, M. and Tierney, D. and Frins, E. and Dultz, W. and
            Schmitzer, H.},
  date = {2009-10-01},
  journaltitle = {Physical Review A},
  shortjournal = {Phys. Rev. A},
  volume = {80},
  number = {4},
  pages = {043801},
  issn = {1050-2947, 1094-1622},
  doi = {10.1103/PhysRevA.80.043801},
  url = {https://link.aps.org/doi/10.1103/PhysRevA.80.043801},
  urldate = {2024-05-31},
  langid = {english},
}

@inproceedings{sakhnovskiiPolarizationinducedAngularMomentum2013,
  title = {Polarization-Induced Angular Momentum of Arbitrary Light-Scattering
           Particle},
  author = {family=Sakhnovskii, given=M. Yu., given-i=M{{Yu}} and Rudeychuk, V.
            M. and Polyanskii, P. V.},
  editor = {Angelsky, Oleg V.},
  date = {2013-12-17},
  pages = {90661M},
  location = {Chernivtsi, Ukraine},
  doi = {10.1117/12.2049309},
  url = {
         http://proceedings.spiedigitallibrary.org/proceeding.aspx?doi=10.1117/12.2049309
         },
  urldate = {2024-05-31},
  eventtitle = {Eleventh {{International Conference}} on {{Correlation Optics}}},
}

@online{ViscosityWaterViscosity,
  title = {Viscosity of {{Water}} – Viscosity Table and Viscosity Chart | {{
           Anton Paar Wiki}}},
  url = {https://wiki.anton-paar.com/en/water/},
  urldate = {2024-05-31},
  abstract = {Find viscosity tables and charts for water at multiple
              temperatures (viscosity and density values with their source).},
  langid = {english},
  organization = {Anton Paar},
}

@article{einsteinZurQuantentheoriederStrahlung1917,
  author = "Einstein, A.",
  title = "{Zur Quantentheorie der Strahlung}",
  journal = "Phys. Z.",
  volume = "18",
  pages = "121--128",
  year = "1917",
}
